<?xml version="1.0" encoding="UTF-8"?><collection xmlns="http://www.loc.gov/MARC21/slim"><record><leader>00371nam--2200145-i-4500</leader><controlfield tag="001">000005714</controlfield><controlfield tag="002">20161230</controlfield><controlfield tag="005">20170224011325</controlfield><controlfield tag="008">060222s1000------------r-----000-0-eng-d</controlfield><datafield ind1=" " ind2=" " tag="100"><subfield code="a">Disdier, R</subfield></datafield><datafield ind1=" " ind2=" " tag="245"><subfield code="a">Radioactivite et ecologie</subfield></datafield><datafield ind1=" " ind2=" " tag="260"><subfield code="a">Saclay</subfield><subfield code="b">Centre D Etudes Nucleaires</subfield><subfield code="c">1962</subfield></datafield><datafield ind1=" " ind2=" " tag="300"><subfield code="a">38 p</subfield></datafield><datafield ind1=" " ind2=" " tag="490"><subfield code="a">Serie Bibliographies</subfield></datafield><datafield ind1=" " ind2=" " tag="CAT"><subfield code="a">SYS</subfield><subfield code="c">20170224</subfield><subfield code="h">011325</subfield></datafield></record></collection>